@book{Anderson2003,
  title     = {An Introduction to Multivariate Statistical Analysis},
  author    = {Anderson, T.W.},
  year      = {2003},
  publisher = {Wiley-Interscience} 
}

@book{Cramér1946,
    author = {Cramér, H.},
    title = {Mathematical methods of statistics},
    publisher = {Princeton University Press},
    year = {1946}
}

@article{Dai2013,
    author = {Dai, B. and Ding, S. and Wahba, G.},
    title = {Multivariate Bernoulli distribution},
    journal = {Bernoulli},
    year = {2013},
    volume = {19},
    number = {4},
    pages = {1465--1483}
}

@article{Drton2004,
    author = {Drton, M. and Perlman, M. D.},
    title = {Model selection for Gaussian concentration graphs},
    journal = {Biometrika},
    year = {2004},
    volume = {91},
    number = {3},
    pages = {591–-602}
}

@article{Drton2007,
    author = {Drton, M. and Perlman, M. D.},
    title = {Multiple testing and error control in Gaussian graphical model selection},
    journal = {Statistical Science},
    year = {2007},
    volume = {22},
    number = {3},
    pages = {430–-449}
}

@article{Gabriel1969,
    author = {Gabriel, K. R.},
    title = {Simultaneous Test Procedures--Some theory of multiple comparisons},
    journal = {Annals of Mathematical Statistics},
    year = {1969},
    volume = {40},
    number = {1},
    pages = {224–250}
}

@book{Kendall1962,
    author = {Kendall, M. G.},
    title = {Rank correlation methods},
    publisher = {Charles Griffin \& Company},
    year = {1962}
}

@book{Lauritzen1996,
    author = {Lauritzen, S. L.},
    title = {Graphical models},
    publisher = {Clarendon Press},
    year = {1996}
}

@book{Lehmann1986,
    author = {Lehmann, E. L.},
    title = {Testing statistical hypotheses},
    publisher = {Wiley},
    year = {1986}
}

@article{Teugels1990,
    author = {Teugels, J. L.},
    title = {Some representations of the multivariate Bernoulli and binomial distributions},
    journal = {Journal of Multivariate Analysis},
    year = {1990},
    volume = {32},
    number = {2},
    pages = {256–-268}
}

@article{Roy1953,
    author = {S. N. Roy},
    title = {On a Heuristic Method of Test Construction and its use in Multivariate Analysis},
    volume = {24},
    journal = {The Annals of Mathematical Statistics},
    number = {2},
    pages = {220 -- 238},
    year = {1953}
}

% @online{cwe703,
%   title={Common Weakness Enumeration},
%   subtitle={CWE-703: Improper Check or Handling of Exceptional Conditions},
%   url={https://cwe.mitre.org/data/definitions/703.html},
%   urldate={2021-12-31},
%   language={english},
%   media={eresource}
% }

% @inproceedings{shelekhov1999data,
%   title={Data flow analysis of Java programs in the presence of exceptions},
%   author={Shelekhov, Vladimir I and Kuksenko, Sergey V},
%   booktitle={International Andrei Ershov Memorial Conference on Perspectives of System Informatics},
%   pages={389--395},
%   year={1999},
%   organization={Springer}
% }

% @online{detekt-warn-types,
%   title = {Detekt},
%   subtitle = {Exceptions Rule Set},
%   url = {https://detekt.dev/exceptions.html},
%   language = {english},
%   urldate = {2022-04-22},
%   media = {eresource}
% }

% @online{spotbugs-warn-types,
%   title = {SpotBugs},
%   subtitle = {Bug descriptions},
%   url = {https://spotbugs.readthedocs.io/en/latest/bugDescriptions.html},
%   language = {english},
%   urldate = {2022-04-22},
%   media = {eresource}
% }

% @online{sonarqube-warn-types,
%   title = {SonarRules},
%   subtitle = {Java static code analysis},
%   url = {https://rules.sonarsource.com/java/tag/error-handling/},
%   language = {english},
%   urldate = {2022-04-22},
%   media = {eresource}
% }

% @online{infer-warn-types,
%   title = {Infer},
%   subtitle = {List of all issue types},
%   url = {https://fbinfer.com/docs/all-issue-types/},
%   language = {english},
%   urldate = {2022-04-22},
%   media = {eresource}
% }

@article{Jordan2004,
author = {Michael I. Jordan},
title = {{Graphical Models}},
volume = {19},
journal = {Statistical Science},
number = {1},
publisher = {Institute of Mathematical Statistics},
pages = {140 -- 155},
keywords = {Bioinformatics, error-control coding, junction tree algorithm, Markov chain Monte Carlo, probabilistic graphical models, sum-product algorithm, variational inference},
year = {2004},
doi = {10.1214/088342304000000026},
URL = {https://doi.org/10.1214/088342304000000026}
}

@article{Vogel2011,
  title={Elliptical graphical modelling},
  author={Daniel Vogel and Roland Fried},
  journal={Biometrika},
  year={2011},
  volume={98},
  pages={935-951},
  url={https://api.semanticscholar.org/CorpusID:88520344}
}

@article{low_order1,
author = {Wille, Anja and Bühlmann, Peter},
year = {2006},
pages = {Article1},
title = {Low-Order Conditional Independence Graphs for Inferring Genetic Networks},
volume = {5},
journal = {Statistical applications in genetics and molecular biology},
}
